
@misc{word2vec,
    title={Efficient Estimation of Word Representations in Vector Space},
    author={Tomas Mikolov and Kai Chen and Greg Corrado and Jeffrey Dean},
    year={2013},
    eprint={1301.3781},
    archivePrefix={arXiv},
    primaryClass={cs.CL}
    url={https://arxiv.org/pdf/1301.3781.pdf}
}

@article{doc2vec,
  title={Distributed Representations of Sentences and Documents},
  author={Quoc V. Le and Tomas Mikolov},
  journal={ArXiv},
  year={2014},
  volume={abs/1405.4053}
}

@article{TSNE,
  added-at = {2015-06-19T12:07:15.000+0200},
  author = {Van Der Maaten, Laurens AND Hinton, Geoffrey},
  biburl = {http://www.jmlr.org/papers/v9/vandermaaten08a.html},
  interhash = {370ba8b9e1909b61880a6f47c93bcd49},
  intrahash = {8b9aebb404ad4a4c6a436ea413550b30},
  journal = {Journal of Machine Learning Research},
  keywords = {dimensionality_reduction tSNE visualization},
  pages = {2579--2605},
  timestamp = {2015-08-19T15:19:11.000+0200},
  title = {Visualizing Data using {t-SNE} },
  url = {http://www.jmlr.org/papers/v9/vandermaaten08a.html},
  volume = 9,
  year = 2008
}



@inproceedings{project2,
  title={Document classification model: NBA news articles},
  author={Jason Lee},
  year={2020},
  url = {https://github.com/papagorgio23/NBA_News_Spiders/blob/master/Classification\%20Model\%20Project.pdf}
}


@inproceedings{project1,
  title={Focused web crawler: NBA team specific news articles},
  author={Jason Lee},
  year={2020},
  url = {https://github.com/papagorgio23/NBA_News_Spiders/blob/master/Focus\%20Web\%20Crawler\%20Project.pdf}
}

@inproceedings{gensim,
      title = {{Software Framework for Topic Modelling with Large Corpora}},
      author = {Radim {\v R}eh{\r u}{\v r}ek and Petr Sojka},
      booktitle = {{Proceedings of the LREC 2010 Workshop on New
           Challenges for NLP Frameworks}},
      pages = {45--50},
      year = 2010,
      month = May,
      day = 22,
      publisher = {ELRA},
      address = {Valletta, Malta},
      note={\url{http://is.muni.cz/publication/884893/en}},
      language={English}
}


@MISC{sample-code1,
	HOWPUBLISHED = "\url{https://canvas.northwestern.edu/courses/112789/pages/reduced-reuters-cluster-analysis-code-paul-huynh?module_item_id=1425574}",
	AUTHOR = "Paul Huynh",
	TITLE = "Reduced Reuters Cluster Analysis",
	MONTH = "March",
	YEAR = "2020",
	NOTE = "Accessed on 2020-05-15"
}

@MISC{sample-code2,
	HOWPUBLISHED = "\url{https://www.machinelearningplus.com/nlp/topic-modeling-visualization-how-to-present-results-lda-models/}",
	AUTHOR = "Selva Prabhakaran",
	TITLE = "Topic modeling visualization: How to present the results of LDA models",
	MONTH = "March",
	YEAR = "2020",
	NOTE = "Accessed on 2020-05-15"
}


@MISC{countVec,
	HOWPUBLISHED = "\url{https://scikit-learn.org/stable/modules/generated/sklearn.feature_extraction.text.CountVectorizer.html}",
	AUTHOR = "SKLearn",
	TITLE = "CountVectorizer",
	MONTH = "May",
	YEAR = "2020",
	NOTE = "Accessed on 2020-05-01"
}

@MISC{tfidf,
	HOWPUBLISHED = "\url{https://scikit-learn.org/stable/modules/generated/sklearn.feature_extraction.text.TfidfVectorizer.html}",
	AUTHOR = "SKLearn",
	TITLE = "TfidfVectorizer",
	MONTH = "May",
	YEAR = "2020",
	NOTE = "Accessed on 2020-05-01"
}

@MISC{skTSNE,
	HOWPUBLISHED = "\url{https://scikit-learn.org/stable/modules/generated/sklearn.manifold.TSNE.html}",
	AUTHOR = "SKLearn",
	TITLE = "SKLearn Manifold TSNE",
	MONTH = "May",
	YEAR = "2020",
	NOTE = "Accessed on 2020-05-15"
}

@MISC{Yellowbrick,
	HOWPUBLISHED = "\url{https://www.scikit-yb.org/en/latest/api/text/tsne.html}",
	AUTHOR = "Yellowbrick",
	TITLE = "t-SNE Corpus Visualization",
	MONTH = "May",
	YEAR = "2020",
	NOTE = "Accessed on 2020-05-15"
}

@MISC{google,
	HOWPUBLISHED = "\url{https://code.google.com/archive/p/word2vec/}",
	AUTHOR = "Tomas Mikolov",
	TITLE = "Word2Vec",
	MONTH = "July",
	YEAR = "2013",
	NOTE = "Accessed on 2020-05-01"
}

@MISC{LeeCount,
	HOWPUBLISHED = "\url{https://machinelearningmastery.com/prepare-text-data-machine-learning-scikit-learn/}",
	AUTHOR = "Jason Brownlee",
	TITLE = "How to Prepare Text Data for Machine Learning with scikit-learn",
	MONTH = "September",
	YEAR = "2017",
	NOTE = "Accessed on 2020-05-01"
}


@MISC{aisports,
	HOWPUBLISHED = "\url{https://aisportsfirm.com/}",
	AUTHOR = {Lee, J.M., AND Shephard, I., AND Wolande, P.},
	TITLE = "{A.I. Sports}",
	MONTH = "January",
	YEAR = "2018"
}



@book{chollet,
    author = "Francois Chollet", 
    year = 2018,
    title = "Deep learning with Python",
    publisher = "Manning Publications Co.",
    address = "Shelter Island, NY"
}

@book{lane,
    author = "Hobson Lane AND Cole Howard AND Hannes Max Hapke", 
    year = 2019,
    title = "Natural Language Processing In Action",
    publisher = "Manning Publications Co.",
    address = "Shelter Island, NY"
}


@book{handsOn,
    author = "Ankur A. Patel", 
    year = 2019,
    title = "Hands-on unsupervised learning using Python: How to build applied machine learning solutions from unlabeled data",
    publisher = "O'Reilly Media, Inc.",
    address = "Sebastopol, CA"
}


@book{multivariate,
    author = "Alan Julian Izenman", 
    year = 2008,
    title = "Modern multivariate statistical techniques: Regression, classification, and manifold learning",
    publisher = "Springer",
    address = "New York: NY"
}


@book{mining,
    author = "Sholom M. Weiss AND Nitin Indurkhya AND Tong Zhang", 
    year = 2015,
    title = "Fundamentals of predictive text mining. 2nd edition",
    publisher = "Springer",
    address = "New York: NY"
}

@book{Cookbook,
    author = "Chris Albon", 
    year = 2018,
    title = "Python machine learning cookbook: Practical solutions from preprocessing to deep learning",
    publisher = "O'Reilly Media, Inc.",
    address = "Sebastopol, CA"
}


@book{brownlee,
    author = "Jason Brownlee", 
    year = 2016,
    title = "Deep learning with Python",
    publisher = "Machine Learning Mastery"
}



@article{market,
author = {Bryan L. Boulier and H.O. Stekler and Sarah Amundson},
title = {Testing the efficiency of the National Football League betting market},
journal = {Applied Economics},
volume = {38},
number = {3},
pages = {279-284},
year  = {2006},
publisher = {Routledge},
doi = {10.1080/00036840500368904},
URL = {https://doi.org/10.1080/00036840500368904},
eprint = {https://doi.org/10.1080/00036840500368904}
}

