
@misc{word2vec,
    title={Efficient Estimation of Word Representations in Vector Space},
    author={Tomas Mikolov and Kai Chen and Greg Corrado and Jeffrey Dean},
    year={2013},
    eprint={1301.3781},
    archivePrefix={arXiv},
    primaryClass={cs.CL}
    url={https://arxiv.org/pdf/1301.3781.pdf}
}

@article{doc2vec,
  title={Distributed Representations of Sentences and Documents},
  author={Quoc V. Le and Tomas Mikolov},
  journal={ArXiv},
  year={2014},
  volume={abs/1405.4053}
}



@inproceedings{project1,
  title={Focused web crawler: NBA team specific news articles},
  author={Jason Lee},
  year={2020},
  url = {https://github.com/papagorgio23/NBA_News_Spiders/blob/master/Focus\%20Web\%20Crawler\%20Project.pdf}
}

@inproceedings{gensim,
      title = {{Software Framework for Topic Modelling with Large Corpora}},
      author = {Radim {\v R}eh{\r u}{\v r}ek and Petr Sojka},
      booktitle = {{Proceedings of the LREC 2010 Workshop on New
           Challenges for NLP Frameworks}},
      pages = {45--50},
      year = 2010,
      month = May,
      day = 22,
      publisher = {ELRA},
      address = {Valletta, Malta},
      note={\url{http://is.muni.cz/publication/884893/en}},
      language={English}
}


@MISC{sample-code,
	HOWPUBLISHED = "\url{https://canvas.northwestern.edu/courses/112789/pages/twenty-newsgroups-vectorization-and-text-classification?module_item_id=1425573}",
	AUTHOR = "Thomas Miller",
	TITLE = "Twenty Newsgroups Vectorization and Text Classification",
	MONTH = "March",
	YEAR = "2020",
	NOTE = "Accessed on 2020-05-01"
}


@MISC{countVec,
	HOWPUBLISHED = "\url{https://scikit-learn.org/stable/modules/generated/sklearn.feature_extraction.text.CountVectorizer.html}",
	AUTHOR = "SKLearn",
	TITLE = "CountVectorizer",
	MONTH = "May",
	YEAR = "2020",
	NOTE = "Accessed on 2020-05-01"
}

@MISC{tfidf,
	HOWPUBLISHED = "\url{https://scikit-learn.org/stable/modules/generated/sklearn.feature_extraction.text.TfidfVectorizer.html}",
	AUTHOR = "SKLearn",
	TITLE = "TfidfVectorizer",
	MONTH = "May",
	YEAR = "2020",
	NOTE = "Accessed on 2020-05-01"
}

@MISC{google,
	HOWPUBLISHED = "\url{https://code.google.com/archive/p/word2vec/}",
	AUTHOR = "Tomas Mikolov",
	TITLE = "Word2Vec",
	MONTH = "July",
	YEAR = "2013",
	NOTE = "Accessed on 2020-05-01"
}

@MISC{LeeCount,
	HOWPUBLISHED = "\url{https://machinelearningmastery.com/prepare-text-data-machine-learning-scikit-learn/}",
	AUTHOR = "Jason Brownlee",
	TITLE = "How to Prepare Text Data for Machine Learning with scikit-learn",
	MONTH = "September",
	YEAR = "2017",
	NOTE = "Accessed on 2020-05-01"
}


@MISC{aisports,
	HOWPUBLISHED = "\url{https://aisportsfirm.com/}",
	AUTHOR = {Lee, J.M., AND Shephard, I., AND Wolande, P.},
	TITLE = "{A.I. Sports}",
	MONTH = "January",
	YEAR = "2018"
}



@book{chollet,
    author = "Francois Chollet", 
    year = 2018,
    title = "Deep learning with Python",
    publisher = "Manning Publications Co.",
    address = "Shelter Island, NY"
}

@book{lane,
    author = "Hobson Lane AND Cole Howard AND Hannes Max Hapke", 
    year = 2019,
    title = "Natural Language Processing In Action",
    publisher = "Manning Publications Co.",
    address = "Shelter Island, NY"
}


@book{mining,
    author = "Sholom M. Weiss AND Nitin Indurkhya AND Tong Zhang", 
    year = 2015,
    title = "Fundamentals of predictive text mining. 2nd edition",
    publisher = "Springer",
    address = "New York"
}


@book{brownlee,
    author = "Jason Brownlee", 
    year = 2016,
    title = "Deep learning with Python",
    publisher = "Machine Learning Mastery"
}



@article{market,
author = {Bryan L. Boulier and H.O. Stekler and Sarah Amundson},
title = {Testing the efficiency of the National Football League betting market},
journal = {Applied Economics},
volume = {38},
number = {3},
pages = {279-284},
year  = {2006},
publisher = {Routledge},
doi = {10.1080/00036840500368904},
URL = {https://doi.org/10.1080/00036840500368904},
eprint = {https://doi.org/10.1080/00036840500368904}
}

